%% !Mode:: "TeX:UTF-8"

@BOOK{wuyuanming2006,
  AUTHOR =       {吴援明 and 唐军},
  editor =       {段博原},
  TITLE =        {模拟电路分析与设计基础},
  PUBLISHER =    {科学出版社},
  YEAR =         {2006},
  volume =       {},
  number =       {},
  series =       {},
  address =      {北京},
  edition =      {},
  month =        {},
  note =         {},
  abstract =     {},
  isbn =         {7030174313, 9787030174314},
  price =        {},
  keywords =     {},
  language =     {Chinese},
}

@MASTERSTHESIS{shenkai2010,
  AUTHOR =       {沈凯},
  TITLE =        {病房呼叫系统的开发与设计},
  school =       {江苏大学},
  YEAR =         {2010,45-46},
  type =         {},
  address =      {江苏},
  month =        {01},
  note =         {},
  abstract =     {},
  keywords =     {},
  source =       {},
  language =     {Chinese},
}

@MASTERSTHESIS{yangjinbao2009,
  AUTHOR =       {杨进宝},
  TITLE =        {无线医疗呼叫系统的设计},
  school =       {湖南师范大学},
  YEAR =         {2009,47-48},
  type =         {},
  address =      {湖南},
  month =        {04},
  note =         {},
  abstract =     {},
  keywords =     {},
  source =       {},
  language =     {Chinese},
}

@MASTERSTHESIS{songshanfei2006,
  AUTHOR =       {宋旵飞},
  TITLE =        {电生理检测自动报警智能医院护理呼叫系统设计},
  school =       {同济大学},
  YEAR =         {2006,21-22},
  type =         {},
  address =      {上海},
  month =        {04},
  note =         {},
  abstract =     {},
  keywords =     {},
  source =       {},
  language =     {Chinese},
}
@MASTERSTHESIS{zhoulihong2008,
  AUTHOR =       {周丽红},
  TITLE =        {基于DTMF的医院护理呼叫对讲系统的设计与实现},
  school =       {江南大学},
  YEAR =         {2008,22-23},
  type =         {},
  address =      {无锡},
  month =        {04},
  note =         {},
  abstract =     {},
  keywords =     {},
  source =       {},
  language =     {Chinese},
}

@MASTERSTHESIS{zhangchao2007,
  AUTHOR =       {张朝},
  TITLE =        {基于嵌入式及GPRS技术的无线监测终端研究},
  school =       {西北工业大学},
  YEAR =         {2007,23-24},
  type =         {},
  address =      {西安},
  month =        {04},
  note =         {},
  abstract =     {},
  keywords =     {},
  source =       {},
  language =     {Chinese},
}

@MASTERSTHESIS{zhoulei2007,
  AUTHOR =       {周磊},
  TITLE =        {基于蓝牙和GPS技术的车辆管控系统关键技术的研究},
  school =       {东南大学},
  YEAR =         {2007,24-25},
  type =         {},
  address =      {南京},
  month =        {04},
  note =         {},
  abstract =     {},
  keywords =     {},
  source =       {},
  language =     {Chinese},
}

@MASTERSTHESIS{songdan2008,
  AUTHOR =       {宋丹},
  TITLE =        {基于eCos的嵌入式GIS系统的研究与实现},
  school =       {电子科技大学},
  YEAR =         {2008,25-26},
  type =         {},
  address =      {成都},
  month =        {04},
  note =         {},
  abstract =     {},
  keywords =     {},
  source =       {},
  language =     {Chinese},
}

@MASTERSTHESIS{liyanting2012,
  AUTHOR =       {李艳婷},
  TITLE =        {基于X-Code的手机移动支付系统的设计与实现},
  school =       {厦门大学},
  YEAR =         {2012,26-27},
  type =         {},
  address =      {厦门},
  month =        {04},
  note =         {},
  abstract =     {},
  keywords =     {},
  source =       {},
  language =     {Chinese},
}

@MASTERSTHESIS{wumin2007,
  AUTHOR =       {吴敏},
  TITLE =        {基于嵌入式的家庭网关控制平台的研究与设计},
  school =       {武汉理工大学},
  YEAR =         {2007,27-28},
  type =         {},
  address =      {武汉},
  month =        {04},
  note =         {},
  abstract =     {},
  keywords =     {},
  source =       {},
  language =     {Chinese},
}

@MASTERSTHESIS{litingting2009,
  AUTHOR =       {李婷婷},
  TITLE =        {薄木生产流程管理系统设计与实现},
  school =       {山东大学},
  YEAR =         {2009,28-29},
  type =         {},
  address =      {济南},
  month =        {04},
  note =         {},
  abstract =     {},
  keywords =     {},
  source =       {},
  language =     {Chinese},
}

@MASTERSTHESIS{liuzhe2013,
  AUTHOR =       {刘哲},
  TITLE =        {网络游戏“未来之王”的研究与设计},
  school =       {厦门大学},
  YEAR =         {2013,30-31},
  type =         {},
  address =      {厦门},
  month =        {04},
  note =         {},
  abstract =     {},
  keywords =     {},
  source =       {},
  language =     {Chinese},
}

@MASTERSTHESIS{mahuijuan2010,
  AUTHOR =       {马慧娟},
  TITLE =        {煤矿井下水情综合监控系统管理软件的开发与设计},
  school =       {太原理工大学},
  YEAR =         {2010,31-32},
  type =         {},
  address =      {太原},
  month =        {04},
  note =         {},
  abstract =     {},
  keywords =     {},
  source =       {},
  language =     {Chinese},
}

@MASTERSTHESIS{chenhongbo2006,
  AUTHOR =       {陈红波},
  TITLE =        {大型桥梁健康监测分布式数据采集系统的设计与实现},
  school =       {兰州理工大学},
  YEAR =         {2006,33-34},
  type =         {},
  address =      {兰州},
  month =        {04},
  note =         {},
  abstract =     {},
  keywords =     {},
  source =       {},
  language =     {Chinese},
}

@MASTERSTHESIS{shenfengnian2009,
  AUTHOR =       {沈丰年},
  TITLE =        {无线电监测系统模型分析及一种新的查找信号的方法研究},
  school =       {重庆大学},
  YEAR =         {2009,35-36},
  type =         {},
  address =      {重庆},
  month =        {04},
  note =         {},
  abstract =     {},
  keywords =     {},
  source =       {},
  language =     {Chinese},
}

@MASTERSTHESIS{luoying2012,
  AUTHOR =       {罗莹},
  TITLE =        {基于.NET技术的中小企业生产执行管理系统设计与实现},
  school =       {厦门大学},
  YEAR =         {2012,37-38},
  type =         {},
  address =      {厦门},
  month =        {04},
  note =         {},
  abstract =     {},
  keywords =     {},
  source =       {},
  language =     {Chinese},
}

@MASTERSTHESIS{weidahai2011,
  AUTHOR =       {魏大海},
  TITLE =        {M地区在用电梯动态监管系统研究},
  school =       {山东大学},
  YEAR =         {2011,39-40},
  type =         {},
  address =      {济南},
  month =        {04},
  note =         {},
  abstract =     {},
  keywords =     {},
  source =       {},
  language =     {Chinese},
}


@MASTERSTHESIS{cuizhenke2014,
  AUTHOR =       {崔振科},
  TITLE =        {基于ARM的多功能汽车行驶记录仪的研制 },
  school =       {青岛科技大学},
  YEAR =         {2014,41-42},
  type =         {},
  address =      {青岛},
  month =        {04},
  note =         {},
  abstract =     {},
  keywords =     {},
  source =       {},
  language =     {Chinese},
}

@MASTERSTHESIS{lizongfang2009,
  AUTHOR =       {李宗方},
  TITLE =        {基于Cortex内核处理器的USB高速数据采集技术研究 },
  school =       {北京工业大学},
  YEAR =         {2009,43-44},
  type =         {},
  address =      {北京},
  month =        {04},
  note =         {},
  abstract =     {},
  keywords =     {},
  source =       {},
  language =     {Chinese},
}

@MASTERSTHESIS{qiuwei2007,
  AUTHOR =       {邱祎},
  TITLE =        {嵌入式实时操作系统RT-Thread的设计与实现},
  school =       {电子科技大学},
  YEAR =         {2007,45-46},
  type =         {},
  address =      {成都},
  month =        {04},
  note =         {},
  abstract =     {},
  keywords =     {},
  source =       {},
  language =     {Chinese},
}

@MASTERSTHESIS{jinxin2014,
  AUTHOR =       {金鑫},
  TITLE =        {燃气锅炉控制系统的研究与设计},
  school =       {湖南大学},
  YEAR =         {2014,47-48},
  type =         {},
  address =      {益阳},
  month =        {04},
  note =         {},
  abstract =     {},
  keywords =     {},
  source =       {},
  language =     {Chinese},
}

@MASTERSTHESIS{yangzeming2014,
  AUTHOR =       {杨泽明},
  TITLE =        {智慧照明系统设计与实现},
  school =       {电子科技大学},
  YEAR =         {2014,49-50},
  type =         {},
  address =      {成都},
  month =        {04},
  note =         {},
  abstract =     {},
  keywords =     {},
  source =       {},
  language =     {Chinese},
}

@MASTERSTHESIS{liangzhiyong2010,
  AUTHOR =       {梁志勇},
  TITLE =        {基于LM3S8962处理器煤矿监测系统的研究},
  school =       {北京交通大学},
  YEAR =         {2010,51-52},
  type =         {},
  address =      {北京},
  month =        {04},
  note =         {},
  abstract =     {},
  keywords =     {},
  source =       {},
  language =     {Chinese},
}

@MASTERSTHESIS{liming2014,
  AUTHOR =       {李明},
  TITLE =        {全自动生化分析仪测控系统设计},
  school =       {南京理工大学},
  YEAR =         {2014,53-54},
  type =         {},
  address =      {南京},
  month =        {04},
  note =         {},
  abstract =     {},
  keywords =     {},
  source =       {},
  language =     {Chinese},
}

@MASTERSTHESIS{zhangzhen2011,
  AUTHOR =       {张臻},
  TITLE =        {西南季节性干旱区农业资源与环境要素数据库设计与应用},
  school =       {西南大学},
  YEAR =         {2011,55-56},
  type =         {},
  address =      {重庆},
  month =        {04},
  note =         {},
  abstract =     {},
  keywords =     {},
  source =       {},
  language =     {Chinese},
}

@MISC{wangjiajun2009,
  AUTHOR =       {王家君 and 崔舜 and 林晨光 and 宋月清 and 韩胜利 and 朱清玮},
  editor =       {},
  TITLE =        {一种超细钼粉或超细钨粉表面包覆金属铜的制备方法},
  PUBLISHER =    {北京有色金属研究总院},
  YEAR =         {2009,57-58},
  volume =       {},
  number =       {},
  series =       {},
  address =      {北京},
  edition =      {},
  month =        {05},
  abstract =     {},
  isbn =         {},
  price =        {},
  keywords =     {},
  source =       {},
  TypeofLit =    {P/OL},
  country =      {中国},
  patentid =     {CN200710177119.6},
  date=          {2007.11.09},
  url=			 {http://www.google.com/patents/CN101428345A?cl=zh},
  language =     {Chinese},
}

@ARTICLE{zhuyanhua2009,
  AUTHOR =       {朱艳华 and 等},
  TITLE =        {基于PL3105的病房呼叫系统设计},
  JOURNAL =      {北京石油化工学院学报},
  YEAR =         {2009},
  volume =       {},
  number =       {},
  pages =        {41-43},
  month =        {},
  note =         {},
  abstract =     {},
  keywords =     {},
  source =       {},
  doi=			 {},
  issn=			 {},
  language =     {Chinese},
}

@ARTICLE{guoguangsong2012,
  AUTHOR =       {郭广颂 and 等},
  TITLE =        {基于单片机的无线病房呼叫系统设计},
  JOURNAL =      {电子技术应用},
  YEAR =         {2012},
  volume =       {},
  number =       {},
  pages =        {21-23},
  month =        {},
  note =         {},
  abstract =     {},
  keywords =     {},
  source =       {},
  doi=			 {},
  issn=			 {},
  language =     {Chinese},
}

@ARTICLE{panshaoming2011,
  AUTHOR =       {潘绍明 and 等},
  TITLE =        {基于信号叠加和无线电的病房呼叫系统设计与实现},
  JOURNAL =      {电子技术应用},
  YEAR =         {2011},
  volume =       {},
  number =       {},
  pages =        {25-26},
  month =        {},
  note =         {},
  abstract =     {},
  keywords =     {},
  source =       {},
  doi=			 {},
  issn=			 {},
  language =     {Chinese},
}

@ARTICLE{meibingyun2007,
  AUTHOR =       {梅彬运 and 等},
  TITLE =        {基于nRF401芯片的医院无线护理呼叫系统的设计},
  JOURNAL =      {现代电子技术},
  YEAR =         {2007},
  volume =       {},
  number =       {},
  pages =        {15-17},
  month =        {},
  note =         {},
  abstract =     {},
  keywords =     {},
  source =       {},
  doi=			 {},
  issn=			 {},
  language =     {Chinese},
}

@ARTICLE{wangguangde2010,
  AUTHOR =       {王广德 and 等},
  TITLE =        {医用局域有线呼叫系统的硬件设计},
  JOURNAL =      {吉林师范大学学报（自然科学版）},
  YEAR =         {2010},
  volume =       {},
  number =       {},
  pages =        {11-13},
  month =        {},
  note =         {},
  abstract =     {},
  keywords =     {},
  source =       {},
  doi=			 {},
  issn=			 {},
  language =     {Chinese},
}

@INPROCEEDINGS{Kim2005, 
author={Kim-Lien Ngo-Wah and Goel, Jitendra and Yeong-Chang Chou and Grundbacher, Ronald and Lai, R. and Nassour, G. and Divish, E. and Schreyer, G. and Whitney, K. and Oki, A.}, 
booktitle={Microwave Symposium Digest, 2005 IEEE MTT-S International}, 
title={A V-band eight-way combined solid-state power amplifier with 12.8 Watt output power}, 
publisher={IEEE Publishing},
year={2005}, 
month={June}, 
pages={4 pp.1371-1374}, 
keywords={III-V semiconductors;MMIC power amplifiers;gallium arsenide;power HEMT;power combiners;travelling wave amplifiers;travelling wave tubes;12.8 V;59 to 63 GHz;8-way splitter/combiner;GaAs;HEMT process;MMIC;V-band eight-way combined power amplifier;full-height waveguide SSPA modules;half-height SSPA waveguide modules;hybrid ring rat-race waveguide;solid-state power amplifier;traveling waveguide tube amplifier;waveguide combining method;Frequency;Gallium arsenide;MMICs;Millimeter wave technology;PHEMTs;Power amplifiers;Power generation;Satellites;Solid state circuits;Space technology}, 
doi={10.1109/MWSYM.2005.1516938}, 
ISSN={01490-645X},}

@BOOK{ansys_fluent_ug2011,
  AUTHOR =       {ANSYS, Inc.},
  editor =       {},
  TITLE =        {ANSYS FLUENT User's Guide},
  PUBLISHER =    {ANSYS, Inc.},
  YEAR =         {2011},
  volume =       {},
  number =       {},
  series =       {},
  address =      {Canonsburg},
  edition =      {},
  month =        {09},
  note =         {},
  abstract =     {},
  isbn =         {},
  price =        {},
  keywords =     {},
  language =     {},
}

@BOOK{ansys_workbench_ug2009,
  AUTHOR =       {ANSYS, Inc.},
  editor =       {},
  TITLE =        {ANSYS Workbench User's Guide},
  PUBLISHER =    {ANSYS, Inc.},
  YEAR =         {2009},
  volume =       {},
  number =       {},
  series =       {},
  address =      {Canonsburg},
  edition =      {},
  month =        {11},
  note =         {},
  abstract =     {},
  isbn =         {},
  price =        {},
  keywords =     {},
  language =     {},
}

@BOOK{ansys_icepak_tut2012,
  AUTHOR =       {ANSYS, Inc.},
  editor =       {},
  TITLE =        {ANSYS Icepak Tutorials},
  PUBLISHER =    {ANSYS, Inc.},
  YEAR =         {2012},
  volume =       {},
  number =       {},
  series =       {},
  address =      {Canonsburg},
  edition =      {},
  month =        {10},
  note =         {},
  abstract =     {},
  isbn =         {},
  price =        {},
  keywords =     {},
  language =     {},
}

@BOOK{ansys_icepak_ug2012,
  AUTHOR =       {ANSYS, Inc.},
  editor =       {},
  TITLE =        {ANSYS Icepak User's Guide},
  PUBLISHER =    {ANSYS, Inc.},
  YEAR =         {2012},
  volume =       {},
  number =       {},
  series =       {},
  address =      {Canonsburg},
  edition =      {},
  month =        {10},
  note =         {},
  abstract =     {},
  isbn =         {},
  price =        {},
  keywords =     {},
  language =     {},
}

@INPROCEEDINGS{Eggers1994, 
author={Eggers, G. and Kohl, R.}, 
booktitle={24th European Microwave Conference, 1994.}, 
title={2 GHz Bandwidth Predistortion Linearizer for Microwave Power Amplifiers at Ku-Band}, 
address =      {Cannes},
publisher={IEEE Publishing},
year={1994}, 
month={Sept}, 
volume={2}, 
pages={1501-1505}, 
keywords={Artificial satellites;Bandwidth;Circuits;High power amplifiers;Microwave amplifiers;Power amplifiers;Predistortion;RF signals;Radio frequency;Radiofrequency amplifiers}, 
doi={10.1109/EUMA.1994.337429},}

@INPROCEEDINGS{Kazuhisa2000, 
author={Yamauchi, K. and Nakayama, M. and Ikeda, Y. and Nakaguro, H. and Kadowaki, N. and Araki, T.}, 
booktitle={Microwave Symposium Digest, 2000 IEEE MTT-S International}, 
title={An 18 GHz-band MMIC linearizer using a parallel diode with a bias feed resistance and a parallel capacitor}, 
address =      {Boston},
publisher={IEEE Publishing},
year={2000}, 
month={June}, 
volume={3}, 
pages={1507-1510}, 
keywords={MMIC power amplifiers;compensation;intermodulation distortion;linearisation techniques;18 GHz;IMD3;MMIC linearizer;MMIC power amplifiers;bias feed resistance;parallel capacitor;parallel diode;weak positive gain deviation;Capacitors;Communication system control;Electric resistance;Equations;Equivalent circuits;Feeds;MMICs;Power amplifiers;Schottky diodes;Voltage}, 
doi={10.1109/MWSYM.2000.862261}, 
ISSN={0149-645X},}

@INPROCEEDINGS{Kazuhisa2006, 
author={Yamauchi, K. and Noto, H. and Ishizaka, S. and Hamamatsu, Y. and Nakayama, M. and Isota, Y.}, 
booktitle={Asia-Pacific Microwave Conference, 2006}, 
title={Series anti-parallel diode linearizer for class-B power amplifiers with a gain expansion}, 
address =      {Yokohama},
publisher={IEEE Publishing},
year={2006}, 
month={Dec}, 
pages={883-886}, 
keywords={OFDM modulation;UHF power amplifiers;diodes;OFDM signal;adjacent channel leakage power ratio;bandwidth 6 MHz;class-B UHF-band power amplifier;gain expansion;power added efficiency;series anti-parallel diode linearizer;Bandwidth;Equivalent circuits;High power amplifiers;Microwave amplifiers;Mobile communication;OFDM;Power amplifiers;Radio frequency;Radiofrequency amplifiers;Schottky diodes;communications;diode;distortion;linearizer;nonlinear;power amplifiers}, 
doi={10.1109/APMC.2006.4429554},}

@INPROCEEDINGS{Katz1993, 
author={Katz, A. and Moochalla, S. and Klatskin, J.}, 
booktitle={Microwave Symposium Digest, 1993 IEEE MTT-S International}, 
title={Passive FET MMIC linearizers for C, X, and Ku-band satellite applications}, 
address =      {Atlanta},
publisher={IEEE Publishing},
year={1993}, 
month={June}, 
volume={1},
pages={353-356}, 
keywords={III-V semiconductors;MMIC;circuit CAD;field effect integrated circuits;gallium arsenide;microwave amplifiers;satellite relay systems;travelling-wave-tubes;C-band;CAD;FET MMIC linearizers;GaAs;Ku-band;MESFET varactors;X-band;air bridge;carrier-to-intermodulation ratio;control elements;insertion loss;phase change;satellite applications;spaceborne traveling wave tube amplifiers;voltage variable resistors;Design automation;Field effect MMICs;Gallium arsenide;Integrated circuit measurements;Microwave FET integrated circuits;Microwave amplifiers;Microwave integrated circuits;Microwave measurements;Monolithic integrated circuits;Satellites}, 
doi={10.1109/MWSYM.1993.276805}, 
ISSN={0149-645X},}

@INPROCEEDINGS{Hickson1994, 
author={Hickson, M. T. and Paul, D.K. and Gardner, P. and Konstantinou, K.}, 
booktitle={24th European Microwave Conference, 1994.}, 
title={High Efficiency Feedforward Linearizers}, 
address =      {Cannes},
publisher={IEEE Publishing},
year={1994}, 
month={Sept}, 
volume={1}, 
pages={819-824}, 
keywords={Bandwidth;Communication systems;Coupling circuits;Degradation;Feedback circuits;High power amplifiers;Nonlinear distortion;Power amplifiers;Power generation;Predistortion}, 
doi={10.1109/EUMA.1994.337313},}

@TECHREPORT{LWEpp2008,
  AUTHOR =       {L．W．Epp and A．R．Khan and D．J．Hoppe and D．Kelley},
  normalAUTHOR = {},
  TITLE =        {24-Way Radial Power Combiner/Divider for 31 to 36 GHz},
  institution =  {NASA's Jet Propulsion Laboratory},
  YEAR =         {2008},
  type =         {Tech. Brief},
  number =       {},
  address =      {Pasadena},
  month =        {05},
  note =         {},
  abstract =     {},
  keywords =     {},
  source =       {http://ntrs.nasa.gov/archive/nasa/casi.ntrs.nasa.gov/20090017550.pdf},
  url=			 {http://www.techbriefs.com/component/content/article/1264-ntb/tech-briefs/electronics-and-computers/2784},
  language =     {},
}

@ARTICLE{Nevarez1969, 
author={Nevarez, J.R. and Herskowitz, G.J.}, 
journal={IEEE Transactions on Microwave Theory and Techniques}, 
title={Output Power and Loss Analysis of $2^n$ Injection-Locked Oscillators Combined through an Ideal and Symmetric Hybrid Combiner}, 
year={1969}, 
month={Jan}, 
volume={17}, 
number={1}, 
pages={2-10}, 
keywords={Diodes;Flowcharts;Injection-locked oscillators;Phase measurement;Phased arrays;Power generation;Power measurement;Scattering;Symmetric matrices;Voltage-controlled oscillators}, 
doi={10.1109/TMTT.1969.1126871}, 
ISSN={0018-9480},}

@INPROCEEDINGS{Kim2005, 
author={Kim-Lien Ngo-Wah and Goel, Jitendra and Yeong-Chang Chou and Grundbacher, Ronald and Lai, R. and Nassour, G. and Divish, E. and Schreyer, G. and Whitney, K. and Oki, A.}, 
booktitle={Microwave Symposium Digest, 2005 IEEE MTT-S International}, 
title={A V-band eight-way combined solid-state power amplifier with 12.8 Watt output power}, 
publisher={IEEE Publishing},
year={2005}, 
month={June}, 
pages={4 pp.1371-1374}, 
keywords={III-V semiconductors;MMIC power amplifiers;gallium arsenide;power HEMT;power combiners;travelling wave amplifiers;travelling wave tubes;12.8 V;59 to 63 GHz;8-way splitter/combiner;GaAs;HEMT process;MMIC;V-band eight-way combined power amplifier;full-height waveguide SSPA modules;half-height SSPA waveguide modules;hybrid ring rat-race waveguide;solid-state power amplifier;traveling waveguide tube amplifier;waveguide combining method;Frequency;Gallium arsenide;MMICs;Millimeter wave technology;PHEMTs;Power amplifiers;Power generation;Satellites;Solid state circuits;Space technology}, 
doi={10.1109/MWSYM.2005.1516938}, 
ISSN={01490-645X},}

@ARTICLE{Larry2008, 
author={Epp, L.W. and Hoppe, D.J. and Khan, A.R. and Stride, S.L.}, 
journal={IEEE Transactions on Microwave Theory and Techniques}, 
title={A High-Power  Ka-Band (31-36 GHz) Solid-State Amplifier Based on Low-Loss Corporate Waveguide Combining}, 
year={2008}, 
month={Aug}, 
volume={56}, 
number={8}, 
pages={1899-1908}, 
keywords={MMIC amplifiers;millimetre wave amplifiers;modules;power combiners;Ka-band amplifier;frequency 31 GHz to 36 GHz;low power modules;microstrip-to-waveguide launcher;monolithic microwave integrated circuit;solid-state amplifier;waveguide combining;waveguide septum combiners;Amplifiers;dielectric-loaded waveguides;high-power $Ka$-band;power combiners;solid state}, 
doi={10.1109/TMTT.2008.927299}, 
ISSN={0018-9480},}

@INPROCEEDINGS{wangying2011, 
author={Ying Wang and Yi Fu}, 
booktitle={2011 International Conference on Electronics, Communications and Control (ICECC)}, 
title={A broadband waveguide power splitter and combiner using in spatial power combining amplifier}, 
address={Ningbo},
publisher={IEEE Publishing},
year={2011}, 
month={Sept}, 
pages={4074-4077}, 
keywords={power amplifiers;power combiners;broadband waveguide power combiner;broadband waveguide power splitter;coupler port;mechanical fabrication;return loss;spatial power combining amplifier;through port;Broadband amplifiers;Couplers;Microwave amplifiers;Microwave measurements;Power measurement;brandband;combiner;splitter;waveguide}, 
doi={10.1109/ICECC.2011.6066286},}

@INPROCEEDINGS{Kazuhisa2000, 
author={Yamauchi, K. and Nakayama, M. and Ikeda, Y. and Nakaguro, H. and Kadowaki, N. and Araki, T.}, 
booktitle={Microwave Symposium Digest, 2000 IEEE MTT-S International}, 
title={An 18 GHz-band MMIC linearizer using a parallel diode with a bias feed resistance and a parallel capacitor}, 
address={Boston},
publisher={IEEE Publishing},
year={2000}, 
month={June}, 
volume={3}, 
pages={1507-1510}, 
keywords={MMIC power amplifiers;compensation;intermodulation distortion;linearisation techniques;18 GHz;IMD3;MMIC linearizer;MMIC power amplifiers;bias feed resistance;parallel capacitor;parallel diode;weak positive gain deviation;Capacitors;Communication system control;Electric resistance;Equations;Equivalent circuits;Feeds;MMICs;Power amplifiers;Schottky diodes;Voltage}, 
doi={10.1109/MWSYM.2000.862261}, 
ISSN={0149-645X},}

@ARTICLE{Kline1993, 
author={Kline, R.}, 
journal={IEEE Control Systems}, 
title={Harold Black and the negative-feedback amplifier}, 
year={1993}, 
month={Aug}, 
volume={13}, 
number={4}, 
pages={82-85}, 
keywords={amplifiers;history;Harold Black;Hewlett-Packard company;history;negative-feedback amplifier;operational amplifiers;variable-frequency audio oscillators;Coils;Educational institutions;Electron tubes;Feedback amplifiers;Maxwell equations;Negative feedback;Rivers;Telephony;Vacuum systems;Vacuum technology}, 
doi={10.1109/37.229565}, 
ISSN={1066-033X},}

@ARTICLE{Harold1977, 
author={Black, H.S.}, 
journal={IEEE Spectrum}, 
title={Inventing the negative feedback amplifier: Six years of persistent search helped the author conceive the idea ``in a flash'' aboard the old Lackawanna Ferry}, 
year={1977}, 
month={Dec}, 
volume={14}, 
number={12}, 
pages={55-60}, 
keywords={amplifiers;feedback;history;negative feedback amplifier}, 
doi={10.1109/MSPEC.1977.6501721}, 
ISSN={0018-9235},}

@ARTICLE{Harold1934, 
author={Black, H. S.}, 
journal={Transactions of the American Institute of Electrical Engineers}, 
title={Stabilized Feed-Back Amplifiers}, 
year={1934}, 
month={Jan}, 
volume={53}, 
number={1}, 
pages={114-120}, 
keywords={Circuit noise;Delay effects;Distortion;Frequency;Interference;Phase modulation;Signal design;Telephony}, 
doi={10.1109/T-AIEE.1934.5056493}, 
ISSN={0096-3860},}

@MISC{wangluo_ARM,
  author =       {互联网资源},
  title =        {ARM课程考试相关知识点},
  journal =      {ARM板开发},
  volume =       {},
  number =       {},
  pages =        {},
  howpublished = {},
  year =         {},
  month =        {},
  note =         {},
  abstract =     {},
  keywords =     {},
  source =       {},
  TypeofLit =    {EB/OL},
  country =      {},
  patentid =     {},
  date=          {},
  modifydate =   {},
  citedate =     {},
  url =          {http://blog.sina.com.cn/s/blog_b8ca1232010188v1.html},
  language =     {Chinese},
}


@misc{Harold1937,
  title={Wave translation system},
  author={Black, H. S.},
  url={http://www.google.com/patents/US2102671},
  year={1937},
  month=dec # "~21",
  address={},
  publisher={Google Patents},
  TypeofLit =    {P/OL},
  patentid =     {US2102671},
  country =      {US},
}